@book{homereHomeriOpera1920,
  title = {Homeri opera},
  author = {Homère and Monro, David Binning and Allen, Thomas William},
  date = {1920},
  series = {Scriptorum classicorum bibliotheca Oxoniensis},
  edition = {Ed. tertia},
  publisher = {{e typographeo Clarendoniano}},
  location = {{Oxonii}},
  isbn = {978-0-19-814528-8},
  langid = {grc lat}
}

@book{briggsCalculusEarlyTranscendentals2019,
  title = {Calculus. {{Early}} Transcendentals},
  author = {Briggs, William L. and Cochran, Lyle and Gillett, Bernard and Schulz, Eric P.},
  date = {2019},
  edition = {Third edition},
  publisher = {{Pearson}},
  location = {{New York, NY}},
  isbn = {978-0-13-476364-4},
  pagetotal = {1},
  keywords = {Calculus,Textbooks}
}

@book{cantorContributionsFoundingTheory1955,
  title = {Contributions to the Founding of the Theory of Transfinite Numbers},
  author = {Cantor, Georg},
  date = {1955},
  series = {Dover Books on Intermediate and Advanced Mathematics},
  edition = {Repr. of the ed. LaSalle, Ill., Open Court Publ. Co., 1915},
  publisher = {{Dover Publ}},
  location = {{New York}},
  isbn = {978-0-486-60045-1},
  langid = {english},
  pagetotal = {211}
}

@book{cantorGesammelteAbhandlungenMathematischen2013,
  title = {Gesammelte Abhandlungen mathematischen und philosophischen Inhalts: mit erläuternden Anmerkungen sowie mit Ergänzungen aus dem Briefwechsel Cantor-Dedekind},
  shorttitle = {Gesammelte Abhandlungen mathematischen und philosophischen Inhalts},
  author = {Cantor, Georg},
  editor = {Zermelo, Ernst},
  date = {2013},
  series = {Springer collected works in mathematics},
  edition = {Nachdr. der Ausg. von 1980},
  publisher = {{Springer}},
  location = {{Berlin Heidelberg}},
  isbn = {978-3-642-30416-3},
  langid = {german},
  pagetotal = {489},
  file = {/Users/jllovet/Zotero/storage/A59N76NF/Cantor - 2013 - Gesammelte Abhandlungen mathematischen und philoso.pdf}
}

@book{leibnizMonadologieFranzosischDeutsch2017,
  title = {Monadologie: französisch/deutsch},
  shorttitle = {Monadologie},
  author = {Leibniz, Gottfried Wilhelm and Hecht, Hartmut},
  date = {2017},
  series = {Reclams Universal-Bibliothek},
  edition = {Bibliographisch ergänzte Ausgabe},
  number = {Nr. 7853},
  publisher = {{Reclam}},
  location = {{Ditzingen}},
  isbn = {978-3-15-007853-2},
  langid = {fre ger},
  pagetotal = {123}
}

@book{wallaceEverythingMoreCompact2010,
  title = {Everything and More: A Compact History of Infinity},
  shorttitle = {Everything and More},
  author = {Wallace, David Foster},
  date = {2010},
  series = {Great Discoveries},
  publisher = {{Atlas Book}},
  location = {{New York}},
  isbn = {978-0-393-33928-4},
  pagetotal = {344},
  keywords = {History,Infinite}
}

@online{DiagramsDiagramCode,
  title = {Diagrams · {{Diagram}} as {{Code}}},
  url = {https://diagrams.mingrammer.com/},
  urldate = {2022-03-15},
  abstract = {Diagram as Code},
  keywords = {Code,DevOps,Diagrams,Graphics,Python},
  file = {/Users/jllovet/Zotero/storage/YIB5A3PE/diagrams.mingrammer.com.html}
}

@online{ClustersDiagrams,
  title = {Clusters · {{Diagrams}}},
  url = {https://diagrams.mingrammer.com/},
  urldate = {2022-03-15},
  abstract = {Cluster allows you group (or clustering) the nodes in an isolated group.},
  langid = {english},
  keywords = {Clusters,Code,DevOps,Diagrams,Python},
  file = {/Users/jllovet/Zotero/storage/WXYKVCSP/cluster.html}
}

@online{senCreateNeatTechnical2022,
  title = {Create Neat Technical Diagrams Using Python},
  author = {Sen, Arnab},
  date = {2022-01-18T02:37:06},
  url = {https://medium.com/@arnab.sen44/create-neat-technical-diagrams-using-python-4e5296b78c02},
  urldate = {2022-03-15},
  abstract = {Documenting a project well is one of the most important aspects of the development lifecycle of any project as at the end of the day this…},
  langid = {english},
  organization = {{Medium}},
  keywords = {Devops,Diagrams,Python},
  file = {/Users/jllovet/Zotero/storage/Y8C2MRGQ/create-neat-technical-diagrams-using-python-4e5296b78c02.html}
}
