@book{briggsCalculusEarlyTranscendentals2019,
  title = {Calculus. {{Early}} Transcendentals},
  author = {Briggs, William L. and Cochran, Lyle and Gillett, Bernard and Schulz, Eric P.},
  date = {2019},
  edition = {Third edition},
  publisher = {{Pearson}},
  location = {{New York, NY}},
  isbn = {978-0-13-476364-4},
  pagetotal = {1},
  keywords = {Calculus,Textbooks}
}
