@book{fisherIntegratedAlgebraTrigonometry1962,
  title = {Integrated Algebra and Trigonometry},
  author = {Fisher, Robert Charles and Ziebur, Allen D.},
  date = {1962},
  edition = {2d ed},
  publisher = {{Prentice-Hall}},
  location = {{Englewood Cliffs, N.J}},
  pagetotal = {427},
  keywords = {Algebra,Trigonometry}
}

@book{briggsCalculusEarlyTranscendentals2019,
  title = {Calculus. {{Early}} Transcendentals},
  author = {Briggs, William L. and Cochran, Lyle and Gillett, Bernard and Schulz, Eric P.},
  date = {2019},
  edition = {Third edition},
  publisher = {{Pearson}},
  location = {{New York, NY}},
  isbn = {978-0-13-476364-4},
  pagetotal = {1},
  keywords = {Calculus,Textbooks}
}
